@BOOK{book:1,
AUTHOR="A. Bouzghoub",
TITLE="Modélisation des entrepôts de données XML: application au domaine de la sécurité sociale",
YEAR="2008",
}

@BOOK{book:2,
AUTHOR="H. Dresner",
TITLE="M BI : Making the Data Make Sens",
publisher      = {Gartner Group},
YEAR="2001",
}

@BOOK{book:3,
AUTHOR=" J.L. Le Moigne",
TITLE="La théorie du système général, théorie de la
modélisation",
publisher      = {P.U.F},
YEAR="2007",
}

@BOOK{book:4,
AUTHOR=" J.F. Goglin",
TITLE="La Construction du Datawarehouse : du Datamart au Dataweb",
publisher      = {Hermes},
YEAR="1998",
}

@BOOK{book:5,
AUTHOR="William Inmon",
TITLE="Building the data warehouse",
publisher      = {QED Technical publishing groupe, Wellesly,Massachusetts,USA},
YEAR="1992",
}

@BOOK{book:6,
AUTHOR="J F Desnos",
TITLE="Entrepôt de données-introduction, Spécialité Double Compétence : informatique et Sciences Scociales",
publisher      = {Université de Grenoble},
YEAR="2011",
}

@BOOK{book:7,
AUTHOR="William Inmon",
TITLE="Building the data warehouse, Fourth edition",
publisher      = {Wiley edition, USA},
YEAR="2005",
}

@BOOK{book:8,
AUTHOR="Polraj Ponia",
TITLE="Data Warehousing Fundamentals for IT Professionals, The second edition",
publisher      = {John Wiley and Sons},
YEAR="2011",
}

@mastersthesis {thesis:1,
AUTHOR="Mathieu Durgé",
TITLE=" Mémoire sur le thème : Conception et réalisation d’un entrepôt de données, intégration à un système existant et étape nécessaire vers le forage de données",
publisher = {Université du Québec à Trois-Rivières},
MONTH="Mars",
YEAR="2004",
}

@BOOK{book:10,
AUTHOR="Elizabieta Malinowski and Esteban Zimanyi",
TITLE="Advanced Data Warehouse Design : From
Conventional to Spatial and Temporal",
publisher = {Edition Springer},
YEAR="2008",
}

@BOOK{book:11,
AUTHOR="Matteo Glofarellim and Stefano Rizzi",
TITLE="Data Warehouse Design : Modern Principles and Methodologies",
publisher = {},
YEAR="June 2009",
}

@BOOK{book:12,
AUTHOR="Ralph Kimball and Laura Reeves and Margy Ross and Warren Thornthwaite",
TITLE="Concevoir et déployer un data warehouse : Guide de conduit de projet",
publisher = {édition Eyrolles},
month          = {octobre},
YEAR="2000",
}

@BOOK{book:13,
AUTHOR="Anne-Marie Abisségué",
TITLE="Le reporting de masse : état des lieux et nouveaux enjeux",
publisher = {},
YEAR="",
}

@BOOK{book:14,
AUTHOR="R. Kimball and J. Caserta",
TITLE="The Data warehouse ETL Toolkit",
publisher = {Wiley
Publishing, INC},
YEAR="2004",
}

@BOOK{book:15,
AUTHOR="",
TITLE="",
publisher = {},
YEAR="",
}

@BOOK{book:16,
AUTHOR="",
TITLE="",
publisher = {},
YEAR="",
}

@BOOK{book:17,
AUTHOR="",
TITLE="",
publisher = {},
YEAR="",
}



@MISC{WEBSITE:1,
	HOWPUBLISHED = "https://www.supinfo.com/articles/single/1341-notion-etl",
	AUTHOR = "SupINFO",
	TITLE = "Notion d'ETL",
	NOTE = "Accessed on 10-08-2020"
}

@MISC{WEBSITE:2,
	HOWPUBLISHED = "https://www.supinfo.com/articles/single/6686-difference-datawarehouse-datamart",
	AUTHOR = "SupINFO",
	TITLE = "Differences entre Etrepoot et Magasin de donnees",
	NOTE = "Accessed on 10-08-2020"
}

@MISC{WEBSITE:3,
	HOWPUBLISHED = "http://www.ressources-marketing-internet.com/limportance-de-gestion-commerciale-entreprise",
	AUTHOR = "Marion",
	TITLE = "L’importance de la gestion commerciale en entreprise",
	NOTE = "Accessed on 11-08-2020",
	MONTH = "",
	YEAR = "2017"
}

@MISC{WEBSITE:4,
	HOWPUBLISHED = "https://www.piloter.org/business-intelligence/reporting.htm",
	AUTHOR = "Alain Fernandez",
	TITLE = "La création et la publication de rapport d'activité",
	NOTE = "Accessed on 11-08-2020",
	MONTH = "",
	YEAR = ""
}

@MISC{WEBSITE:5,
	HOWPUBLISHED = "https://www.lemagit.fr/definition/Analyse-ad-hoc",
	AUTHOR = "Margaret Rouse",
	TITLE = "Analyse ad hoc",
	NOTE = "Accessed on 10-08-2020",
	MONTH = "",
	YEAR = ""
}

@MISC{WEBSITE:6,
	HOWPUBLISHED = "https://www.supinfo.com/articles/single/5554-cube-olap-rapports-bases-cube",
	AUTHOR = "Mahèzi Magnouwai",
	TITLE = "Cube OLAP, rapports basés sur un cube",
	NOTE = "Accessed on 12-08-2020",
	MONTH = "",
	YEAR = ""
}

@MISC{WEBSITE:7,
	HOWPUBLISHED = "",
	AUTHOR = "",
	TITLE = "",
	NOTE = "Accessed on 10-08-2020",
	MONTH = "",
	YEAR = ""
}

@MISC{WEBSITE:8,
	HOWPUBLISHED = "",
	AUTHOR = "",
	TITLE = "",
	NOTE = "Accessed on 10-08-2020",
	MONTH = "",
	YEAR = ""
}

@MISC{WEBSITE:9,
	HOWPUBLISHED = "",
	AUTHOR = "",
	TITLE = "",
	NOTE = "Accessed on 10-08-2020",
	MONTH = "",
	YEAR = ""
}

@MISC{WEBSITE:10,
	HOWPUBLISHED = "",
	AUTHOR = "",
	TITLE = "",
	NOTE = "Accessed on 10-08-2020",
	MONTH = "",
	YEAR = ""
}

@ARTICLE{ARTICLE:1,
    AUTHOR="E. F. Codd",
    TITLE="Providing OLAP (On-Line Analytical Processing) to User-Analysts : an IT mandate",
    JOURNAL="E.F. Codd and Associates",
    YEAR="1993",
}

@ARTICLE{ARTICLE:2,
    AUTHOR="",
    TITLE="",
    JOURNAL="",
    YEAR="",
}

@ARTICLE{ARTICLE:3,
    AUTHOR="",
    TITLE="",
    JOURNAL="",
    YEAR="",
}

